@inproceedings{Yang2010ImageSH,
  title={Image super-resolution: Historical overview and future challenges},
  author={Jianchao Yang and Thomas K Huang},
  year={2010}
}


@article {Peled,
    author  = {Sharon Peled and Yehezkel Yeshurun},
    title   = {Superresolution in MRI: Application to Human White Matter Fiber Tract Viualization by Diffuion Tensor Imaging},
    journal = {Magnetic Resonanace in Medicine},
    year    = {2001},
    volume  = {45},
    number  = {1},
    pages   = {29-35}
}

@article {Li,
    author  = {Feng Li, Xiuping Jia and Donald Fraser},
    title   = {UNIVERSAL HMT BASED SUPER RESOLUTION FOR REMOTE SENSING IMAGES},
    journal = {School Of Information Technology and Electrical Engineering, ADFA, University of New South Wales, ACT, Australia},
    year    = {2008}
}
