@article{Paris,
 author = "Paris, Sylvain and Kornprobst, Pierre and Tumblin, Jack and Durand, Fr{\'e}do",
 title = "A Gentle Introduction to Bilateral Filtering and Its Applications",
 booktitle = "ACM SIGGRAPH 2007 Courses",
 series = "SIGGRAPH '07",
 year = "2007",
 isbn = "978-1-4503-1823-5",
 location = "San Diego, California",
 articleno = "1",
 url = "http://doi.acm.org/10.1145/1281500.1281602",
 doi = "10.1145/1281500.1281602",
 acmid = "1281602",
 publisher = "ACM",
 address = "New York, NY, USA",
} 

@article{Med,
title = "An Improved Median Filtering Algorithm for Image Noise Reduction",
journal = "Physics Procedia",
volume = "25",
pages = "609 - 616",
year = "2012",
note = "International Conference on Solid State Devices and Materials Science, April 1-2, 2012, Macao",
issn = "1875-3892",
doi = "https://doi.org/10.1016/j.phpro.2012.03.133",
url = "http://www.sciencedirect.com/science/article/pii/S1875389212005494",
author = "Youlian Zhu and Cheng Huang",
keywords = "Image Processing, Median Filtering, Adaptive Filtering, Statistical Histogram"
}
